<record><leader>00000cas a2200000 a 4500</leader><controlfield tag="001">34617237</controlfield><controlfield tag="008">960423d19221924nyuwr ne      0    0eng c</controlfield><datafield ind1=" " ind2=" " tag="010"><subfield code="a">sn 96083581 </subfield></datafield><datafield ind1=" " ind2=" " tag="040"><subfield code="a">NYS</subfield><subfield code="b">eng</subfield><subfield code="c">NYS</subfield><subfield code="d">OCLCQ</subfield><subfield code="d">OCLCF</subfield><subfield code="d">OCLCO</subfield></datafield><datafield ind1="1" ind2=" " tag="029"><subfield code="a">AU@</subfield><subfield code="b">000012746076</subfield></datafield><datafield ind1=" " ind2=" " tag="042"><subfield code="a">pcc</subfield></datafield><datafield ind1=" " ind2=" " tag="043"><subfield code="a">n-us-ny</subfield></datafield><datafield ind1="0" ind2="0" tag="245"><subfield code="a">Greenport watchman.</subfield></datafield><datafield ind1=" " ind2=" " tag="260"><subfield code="a">Greenport, N.Y. :</subfield><subfield code="b">Watchman Pub. Co.,</subfield><subfield code="c">-1924.</subfield></datafield><datafield ind1=" " ind2=" " tag="300"><subfield code="a">v.</subfield></datafield><datafield ind1=" " ind2=" " tag="310"><subfield code="a">Weekly</subfield></datafield><datafield ind1="1" ind2=" " tag="362"><subfield code="a">Began in 1922?</subfield><subfield code="z">Cf. Gregory, W. Amer. newspapers, 1937.</subfield></datafield><datafield ind1="0" ind2=" " tag="362"><subfield code="a">-v. 99, no. 22 (Oct. 1, 1924) = -whole no. 5184.</subfield></datafield><datafield ind1=" " ind2=" " tag="588"><subfield code="a">Description based on: Vol. 99, no. 32 (Jan. 7, 1922).</subfield></datafield><datafield ind1=" " ind2="0" tag="651"><subfield code="a">Greenport (N.Y.)</subfield><subfield code="v">Newspapers.</subfield></datafield><datafield ind1=" " ind2="0" tag="651"><subfield code="a">Suffolk County (N.Y.)</subfield><subfield code="v">Newspapers.</subfield></datafield><datafield ind1=" " ind2="7" tag="655"><subfield code="a">Newspapers.</subfield><subfield code="2">fast</subfield><subfield code="0">(OCoLC)fst01423814</subfield></datafield><datafield ind1=" " ind2="7" tag="651"><subfield code="a">New York (State)</subfield><subfield code="z">Greenport.</subfield><subfield code="2">fast</subfield><subfield code="0">(OCoLC)fst01204143</subfield></datafield><datafield ind1=" " ind2="7" tag="651"><subfield code="a">New York (State)</subfield><subfield code="z">Suffolk County.</subfield><subfield code="2">fast</subfield><subfield code="0">(OCoLC)fst01207260</subfield></datafield><datafield ind1=" " ind2=" " tag="752"><subfield code="a">United States</subfield><subfield code="b">New York</subfield><subfield code="c">Suffolk</subfield><subfield code="d">Greenport.</subfield></datafield><datafield ind1="0" ind2="0" tag="780"><subfield code="t">Republican watchman (Sag Harbor, N.Y.)</subfield><subfield code="w">(DLC)sn 83031313</subfield><subfield code="w">(OCoLC)9848986</subfield></datafield><datafield ind1="0" ind2="0" tag="785"><subfield code="t">Republican watchman (Greenport, N.Y. : 1924)</subfield><subfield code="w">(DLC)sn 96083582</subfield><subfield code="w">(OCoLC)34918925</subfield></datafield></record>